% Encoding: UTF-8

@thesis{kim,
    author = {Jiyoung Kim},
    title = {Mixed-Effect Models in Spatial Regression with Partial Differential Equation Regularization},
    year = {2020},
    institution = {Politecnico di Milano}
}

@report{massardi,
    author = {Massardi, Martina and Spaziani, Stefano},
    title = {fdaPDE: an efficient iterative method for spatio-temporal regression with PDE regularization},
    year = {2021},
    institution = {Politecnico di Milano, APSC course}
}

@report{pollini,
    author = {Pollini, Michele and Ponti, Luca},
    title = {Regressione spazio-temporale su domini bidimensionali non planari},
    year = {2013},
    institution = {Politecnico di Milano, NAPDE course}
}

@article{sangalli,
author = {Sangalli, Laura},
year = {2021},
month = {03},
pages = {},
title = {Spatial Regression With Partial Differential Equation Regularisation},
journal = {International Statistical Review},
doi = {10.1111/insr.12444}
}